@BOOK{Lord1968-ax,
  title     = "Statistical Theories of Mental Test Scores",
  author    = "Lord, F M and Novick, M R",
  publisher = "Addison-Wesley",
  year      =  1968
}

@article{shermanmorrison,
 ISSN = {00034851},
 URL = {http://www.jstor.org/stable/2236561},
 author = {Jack Sherman and Winifred J. Morrison},
 journal = {The Annals of Mathematical Statistics},
 number = {1},
 pages = {124--127},
 publisher = {Institute of Mathematical Statistics},
 title = {Adjustment of an Inverse Matrix Corresponding to a Change in One Element of a Given Matrix},
 volume = {21},
 year = {1950}
}

@ARTICLE{Joreskog1971-nn,
  title     = "Statistical analysis of sets of congeneric tests",
  author    = "J{\"o}reskog, K G",
  journal   = "Psychometrika",
  publisher = "Springer-Verlag",
  volume    =  36,
  number    =  2,
  pages     = "109--133",
  month     =  jun,
  year      =  1971,
  url       = "https://link.springer.com/article/10.1007/BF02291393",
  language  = "en",
  issn      = "0033-3123, 1860-0980",
  doi       = "10.1007/BF02291393"
}

@ARTICLE{Falk2011-ae,
  title     = "The relationship between unstandardized and standardized alpha,
               true reliability, and the underlying measurement model",
  author    = "Falk, Carl F and Savalei, Victoria",
  journal   = "J. Pers. Assess.",
  publisher = "Taylor \& Francis",
  volume    =  93,
  number    =  5,
  pages     = "445--453",
  month     =  sep,
  year      =  2011,
  url       = "http://dx.doi.org/10.1080/00223891.2011.594129",
  language  = "en",
  issn      = "0022-3891, 1532-7752",
  pmid      = "21859284",
  doi       = "10.1080/00223891.2011.594129"
}


@INCOLLECTION{hancock2001rethinking,
  title     = "Rethinking construct reliability within latent variable systems",
  booktitle = "Structural Equation modeling: Present and Future",
  author    = "Hancock, Gregory R and Mueller, Ralph O",
  editor    = "Du Toit, Dag S{\"o}rbom, Robert Cudeck, Stephen",
  publisher = "Scientific Software International",
  pages     = "195--216",
  year      =  2001
}

@article{cronbach1951coefficient,
  title={Coefficient alpha and the internal structure of tests},
  author={Cronbach, Lee J},
  journal={psychometrika},
  volume={16},
  number={3},
  pages={297--334},
  year={1951},
  publisher={Springer}
}

@Manual{Team2013-tt,
    title = {R: A Language and Environment for Statistical Computing},
    author = {{R Core Team}},
    organization = {R Foundation for Statistical Computing},
    address = {Vienna, Austria},
    year = {2019},
    url = {https://www.R-project.org/}
  }

@ARTICLE{Rosseel2012-yg,
  title     = "Lavaan: An {R} package for structural equation modeling and
               more. Version 0.5--12 ({BETA})",
  author    = "Rosseel, Yves",
  journal   = "J. Stat. Softw.",
  publisher = "users.ugent.be",
  volume    =  48,
  number    =  2,
  pages     = "1--36",
  year      =  2012,
  url       = "https://users.ugent.be/~yrosseel/lavaan/lavaanIntroduction.pdf"
}


@ARTICLE{Cortina1993-aq,
  title     = "What is coefficient alpha? An examination of theory and
               applications",
  author    = "Cortina, Jose M",
  journal   = "J. Appl. Psychol.",
  publisher = "US: American Psychological Association",
  volume    =  78,
  number    =  1,
  pages     = "98",
  year      =  1993,
  url       = "http://dx.doi.org/10.1037/0021-9010.78.1.98",
  issn      = "0021-9010, 1939-1854",
  doi       = "10.1037/0021-9010.78.1.98"
}

@ARTICLE{Kristof1969-ou,
  title     = "Estimation of true score and error variance for tests under
               various equivalence assumptions",
  author    = "Kristof, Walter",
  journal   = "Psychometrika",
  publisher = "Springer-Verlag",
  volume    =  34,
  number    =  4,
  pages     = "489--507",
  month     =  dec,
  year      =  1969,
  url       = "https://link.springer.com/article/10.1007/BF02290603",
  language  = "en",
  issn      = "0033-3123, 1860-0980",
  doi       = "10.1007/BF02290603"
}

@BOOK{Harville2008-el,
  title     = "Matrix Algebra From a Statistician's Perspective",
  author    = "Harville, David A",
  publisher = "Springer-Verlag",
  year      =  2008
}

@article{hayashi2005note,
  title={A note on the estimator of the alpha coefficient for standardized variables under normality},
  author={Hayashi, Kentaro and Kamata, Akihito},
  journal={Psychometrika},
  volume={70},
  number={3},
  pages={579--586},
  year={2005},
  publisher={Springer}
}

@ARTICLE{Li1997-yh,
  title     = "A unifying expression for the maximal reliability of a linear
               composite",
  author    = "Li, Heng",
  journal   = "Psychometrika",
  publisher = "psycnet.apa.org",
  volume    =  62,
  number    =  2,
  pages     = "245--249",
  month     =  jun,
  year      =  1997,
  url       = "https://psycnet.apa.org/fulltext/1997-06472-006.pdf",
  issn      = "0033-3123, 1860-0980",
  doi       = "10.1007/BF02295278"
}

@ARTICLE{Sbert2016-al,
  title     = "A necessary and sufficient condition for the inequality of
               generalized weighted means",
  author    = "Sbert, Mateu and Poch, Jordi",
  journal   = "J. Inequal. Appl.",
  publisher = "SpringerOpen",
  volume    =  2016,
  number    =  1,
  pages     = "1--22",
  year      =  2016,
  url       = "https://www.biomedcentral.com/openurl?doi=10.1186/s13660-016-1233-7",
  issn      = "1025-5834"
}

@BOOK{Muirhead2009-kq,
  title     = "Aspects of multivariate statistical theory",
  author    = "Muirhead, Robb J",
  publisher = "John Wiley \& Sons",
  volume    =  197,
  year      =  2009,
  url       = "https://www.google.com/books?hl=en&lr=&id=TKVfbEvrgu4C&oi=fnd&pg=PP2&dq=Aspects+of+multivariate+statistical+theory.&ots=4w-rpyv_iQ&sig=miZgZP3imr1GGg7H3TWD-C4fUfI"
}

@ARTICLE{Osburn2000-jd,
  title     = "Coefficient alpha and related internal consistency reliability
               coefficients",
  author    = "Osburn, H G",
  journal   = "Psychol. Methods",
  publisher = "psycnet.apa.org",
  volume    =  5,
  number    =  3,
  pages     = "343--355",
  month     =  sep,
  year      =  2000,
  url       = "http://dx.doi.org/10.1037/1082-989x.5.3.343",
  language  = "en",
  issn      = "1082-989X",
  pmid      = "11004872",
  doi       = "10.1037/1082-989x.5.3.343"
}

@ARTICLE{Van_Zyl2000-si,
  title     = "On the distribution of the maximum likelihood estimator of
               Cronbach's alpha",
  author    = "van Zyl, J M and Neudecker, H and Nel, D G",
  journal   = "Psychometrika",
  publisher = "Springer-Verlag",
  volume    =  65,
  number    =  3,
  pages     = "271--280",
  month     =  sep,
  year      =  2000,
  url       = "https://link.springer.com/article/10.1007/BF02296146",
  language  = "en",
  issn      = "0033-3123, 1860-0980",
  doi       = "10.1007/BF02296146"
}
