@article{kuder1937theory,
  title={The theory of the estimation of test reliability},
  author={Kuder, G Frederic and Richardson, Marion W},
  journal={Psychometrika},
  volume={2},
  number={3},
  pages={151--160},
  year={1937},
  publisher={Springer}
}

@article{guttman1945basis,
  title={A basis for analyzing test-retest reliability},
  author={Guttman, Louis},
  journal={Psychometrika},
  volume={10},
  number={4},
  pages={255--282},
  year={1945},
  publisher={Springer}
}

@article{cronbach1951coefficient,
  title={Coefficient alpha and the internal structure of tests},
  author={Cronbach, Lee J},
  journal={psychometrika},
  volume={16},
  number={3},
  pages={297--334},
  year={1951},
  publisher={Springer}
}


@article{joreskog1971statistical,
  title={Statistical analysis of sets of congeneric tests},
  author={Jøreskog, Karl G},
  journal={Psychometrika},
  volume={36},
  number={2},
  pages={109--133},
  year={1971},
  publisher={Springer}
}

@article{neudecker1996asymptotic,
  title={The asymptotic variance matrices of the sample correlation matrix in elliptical and normal situations and their proportionality},
  author={Neudecker, Heinz},
  journal={Linear algebra and its applications},
  volume={237},
  pages={127--132},
  year={1996},
  publisher={Elsevier}
}

@article{novick1966axioms,
  title={The axioms and principal results of classical test theory},
  author={Novick, Melvin R},
  journal={Journal of mathematical psychology},
  volume={3},
  number={1},
  pages={1--18},
  year={1966},
  publisher={Elsevier}
}

@article{kristof1969estimation,
  title={Estimation of true score and error variance for tests under various equivalence assumptions},
  author={Kristof, Walter},
  journal={Psychometrika},
  volume={34},
  number={4},
  pages={489--507},
  year={1969},
  publisher={Springer}
}

@article{neudecker1990asymptotic,
  title={The asymptotic variance matrix of the sample correlation matrix},
  author={Neudecker, Heinz and Wesselman, Albertus Martinus},
  journal={Linear Algebra and its Applications},
  volume={127},
  pages={589--599},
  year={1990},
  publisher={North-Holland}
}

@article{neudecker1996algebraic,
  title={The algebraic equality of two asymptotic tests for the hypothesis that a normal distribution has a specified correlation matrix},
  author={Neudecker, Heinz and Satorra, Albert},
  journal={Statistics \& probability letters},
  volume={30},
  number={2},
  pages={99--103},
  year={1996},
  publisher={Elsevier}
}

@article{hayashi2005note,
  title={A note on the estimator of the alpha coefficient for standardized variables under normality},
  author={Hayashi, Kentaro and Kamata, Akihito},
  journal={Psychometrika},
  volume={70},
  number={3},
  pages={579--586},
  year={2005},
  publisher={Springer}
}

@article{yuan2003study,
  title={A study of the distribution of sample coefficient alpha with the Hopkins symptom checklist: Bootstrap versus asymptotics},
  author={Yuan, Ke-Hai and Guarnaccia, Charles A and Hayslip Jr., Bert},
  journal={Educational and Psychological Measurement},
  volume={63},
  number={1},
  pages={5--23},
  year={2003},
  publisher={Sage Publications}
}

@article{yuan2002robustness,
  title={On robusiness of the normal-theory based asymptotic distributions of three reliability coefficient estimates},
  author={Yuan, Ke-Hai and Bentler, Peter M},
  journal={Psychometrika},
  volume={67},
  number={2},
  pages={251--259},
  year={2002},
  publisher={Springer}
}

@article{van2000distribution,
  title={On the distribution of the maximum likelihood estimator of Cronbach's alpha},
  author={van Zyl, J Martin and Neudecker, H and Nel, DG},
  journal={Psychometrika},
  volume={65},
  number={3},
  pages={271--280},
  year={2000},
  publisher={Springer}
}

@article{yuan1999normal,
  title={On normal theory and associated test statistics in covariance structure analysis under two classes of nonnormal distributions},
  author={Yuan, Ke-Hai and Bentler, Peter M},
  journal={Statistica Sinica},
  pages={831--853},
  year={1999},
  publisher={JSTOR}
}

@article{yuan1997mean,
  title={Mean and covariance structure analysis: Theoretical and practical improvements},
  author={Yuan, Ke-Hai and Bentler, Peter M},
  journal={Journal of the American statistical association},
  volume={92},
  number={438},
  pages={767--774},
  year={1997},
  publisher={Taylor \& Francis Group}
}

@article{yuan2000inferences,
  title={Inferences on correlation coefficients in some classes of nonnormal distributions},
  author={Yuan, Ke-Hai and Bentler, Peter M},
  journal={Journal of Multivariate Analysis},
  volume={72},
  number={2},
  pages={230--248},
  year={2000},
  publisher={Elsevier}
}

@article{yuan1999normal,
  title={On normal theory and associated test statistics in covariance structure analysis under two classes of nonnormal distributions},
  author={Yuan, Ke-Hai and Bentler, Peter M},
  journal={Statistica Sinica},
  pages={831--853},
  year={1999},
  publisher={JSTOR}
}

@article{browne1984asymptotically,
  title={Asymptotically distribution-free methods for the analysis of covariance structures},
  author={Browne, Michael W},
  journal={British Journal of Mathematical and Statistical Psychology},
  volume={37},
  number={1},
  pages={62--83},
  year={1984},
  publisher={Wiley Online Library}
}